@MISC{Sehrawat2013pbdPROFpackage,
  author = {Sehrawat, G. and Chen, W.-C. Schmidt, D. and Patel, P. and Ostrouchov, G},
  title = {{pbdPROF}: Programming with Big Data -- {MPI} Profiling Tools},
  year = {2013},
  note = {{R} Package},
  url = {http://cran.r-project.org/package=pbdPROF}
}
@MANUAL{Sehrawat2013pbdPROFvignette,
  author = {Sehrawat, G. and Chen, W.-C. Schmidt, D. and Patel, P. and Ostrouchov, G},
  title = {A Quick Guide for the {pbdPROF} package},
  year = {2013},
  note = {{R} Vignette},
  url = {http://cran.r-project.org/package=pbdPROF}
}
@MISC{Chen2012pbdMPIpackage,
  author = {Chen, W.-C. and Ostrouchov, G. and Schmidt, D. and Patel, P. and
            Yu, H.},
  title = {{pbdMPI}: Programming with Big Data -- Interface to {MPI}},
  year = {2012},
  note = {{R} Package},
  url = {http://cran.r-project.org/package=pbdMPI}
}
@MANUAL{Chen2012pbdMPIvignette,
  author = {Chen, W.-C. and Ostrouchov, G. and Schmidt, D. and Patel, P. and
            Yu, H.},
  title = {A Quick Guide for the {pbdMPI} package},
  year = {2012},
  note = {{R} Vignette},
  url = {http://cran.r-project.org/package=pbdMPI}
}
@MISC{pbdR2012,
  author = {Ostrouchov, G. and Chen, W.-C. and Schmidt, D. and Patel, P.},
  title = {Programming with Big Data in {R}},
  year = {2012},
  url = {http://r-pbd.org/}
}
@MISC{Yu2010,
  author = {Yu, H.},
  title = {Rmpi: Interface (Wrapper) to MPI (Message-Passing Interface))},
  year = {2010},
  note = {R Package (v:0.5-9)},
  url = {http://cran.r-project.org/package=Rmpi}
}
